
@misc{wikiclique,
    title     = "Clique (graph theory)",
    url       = "https://en.wikipedia.org/wiki/Clique_(graph_theory)"
}
@misc{wikinp,
    title     = "NP-Completeness",
    url       = "https://en.wikipedia.org/wiki/NP-completeness"
}
@misc{graph,
	title	=	"Graph",
	url	="https://en.wikipedia.org/wiki/Graph_theory#Graph"
	}
@misc{subgraph,
	title = "Subgraph",
	url ="https://en.wikipedia.org/wiki/Glossary_of_graph_theory_terms#subgraph"
	}
@misc{completegraph,
	title = "complete graph",
	url="https://en.wikipedia.org/wiki/Complete_graph"
}
@InBook{brute,
ALTauthor = {•},
ALTeditor = {•},
title = {Introduction to the Design and Analysis of Algorithms},
chapter = {3},
publisher = {Pearson},
year = {2012},
edition = {3rd},
pages = {97-98}
}
@InBook{exh,
ALTauthor = {•},
ALTeditor = {•},
title = {Introduction to the Design and Analysis of Algorithms},
chapter = {3},
publisher = {Pearson},
year = {2012},
edition = {3rd},
pages = {115}
}