
@misc{bucketsite,
    title     = "Lossy Counting: Mining Frequent Items in data stream",
    url       = "http://www.mathcs.emory.edu/~cheung/Courses/584/Syllabus/07-Heavy/Manku.html"
}



@CONFERENCE {Manku,
    author    = "Gurmeet Singh Manku \&  Rajeev Motwani",
    title     = "Approximate frequency counts over data streams",
    booktitle = "International Conference on  Very Large Data Bases",
    year      = "2002"
}
@ARTICLE {Cormode,
    author  = "G. Cormode \& M. Hadjieleftheriou",
    title   = "Finding the frequent items in streams of data",
    journal = "Commun. ACM",
    year    = "2009",
    volume  = "52",
    number  = "10"
}